@TechReport{mccannComparativeSurvivalStudy2016,
  title = {Comparative {{Survival Study}} ({{CSS}}) of {{PIT}}-Tagged {{Spring}}/{{Summer}}/{{Fall Chinook}}, {{Summer Steelhead}}, and {{Sockeye}}. 2016 {{Annual Report}}. {{Project}} 199602000, {{Portland}}, {{OR}}.},
  author = {Jerry McCann and Brandon Chockley and Erin Cooper and Tommy Garrison and Howard Schaller and Steve Haeseker and Robert Lessard and Charlie Petrosky and Timothy Copeland and Eric S. Tinus and Erick {Van Dyke} and Robin Ehlke},
  year = {2016},
  file = {C\:\\Users\\ryank\\Zotero\\storage\\BYE2IX8R\\2016-CSS-Report-Fix.pdf},
}
